<?xml version="1.0" encoding="UTF-8"?><record xmlns="http://www.loc.gov/MARC21/slim" xmlns:cinclude="http://apache.org/cocoon/include/1.0" xmlns:zs="http://www.loc.gov/zing/srw/">
  <leader>00438nz  a2200145n  4500</leader>
  <controlfield tag="001">no2005068349</controlfield>
  <controlfield tag="003">DLC</controlfield>
  <controlfield tag="005">20050727051821.0</controlfield>
  <controlfield tag="008">050718n| acannaabn          |n aaa      </controlfield>
  <datafield tag="010" ind1=" " ind2=" ">
    <subfield code="a">no2005068349</subfield>
  </datafield>
  <datafield tag="035" ind1=" " ind2=" ">
    <subfield code="a">(OCoLC)oca06690235</subfield>
  </datafield>
  <datafield tag="040" ind1=" " ind2=" ">
    <subfield code="a">Nz</subfield>
    <subfield code="b">eng</subfield>
    <subfield code="c">Nz</subfield>
  </datafield>
  <datafield tag="100" ind1="1" ind2=" ">
    <subfield code="a">Isaacs, Susan,</subfield>
    <subfield code="d">1956-</subfield>
  </datafield>
  <datafield tag="670" ind1=" " ind2=" ">
    <subfield code="a">The Deckston legacy, 2005</subfield>
    <subfield code="b">t.p. (Susan Isaacs)</subfield>
  </datafield>
  <datafield tag="670" ind1=" " ind2=" ">
    <subfield code="a">Phone call to author, May 30, 2005</subfield>
    <subfield code="b">(full name is Susan Bessie Isaacs; b. 1956)</subfield>
  </datafield>
</record>